<record><leader>00000cas a22000007a 4500</leader><controlfield tag="001">36009649</controlfield><controlfield tag="008">961127d190219uuokuwr n       0    0eng d</controlfield><datafield ind1=" " ind2=" " tag="010"><subfield code="a">sn 96093237 </subfield></datafield><datafield ind1=" " ind2=" " tag="040"><subfield code="a">OBN</subfield><subfield code="b">eng</subfield><subfield code="c">OBN</subfield><subfield code="d">OCLCQ</subfield><subfield code="d">OCLCF</subfield><subfield code="d">OCLCO</subfield></datafield><datafield ind1="1" ind2=" " tag="029"><subfield code="a">AU@</subfield><subfield code="b">000012971910</subfield></datafield><datafield ind1=" " ind2=" " tag="042"><subfield code="a">msc</subfield></datafield><datafield ind1=" " ind2=" " tag="043"><subfield code="a">n-us-ok</subfield></datafield><datafield ind1="0" ind2="0" tag="245"><subfield code="a">Fort Supply republican.</subfield></datafield><datafield ind1="3" ind2=" " tag="246"><subfield code="a">Supply republican</subfield></datafield><datafield ind1="3" ind2=" " tag="246"><subfield code="a">Republican</subfield></datafield><datafield ind1=" " ind2=" " tag="260"><subfield code="a">Supply, Woodward County, Okla. :</subfield><subfield code="b">J.P. Gandy [and] L.J. Gandy</subfield></datafield><datafield ind1=" " ind2=" " tag="300"><subfield code="a">v.</subfield></datafield><datafield ind1=" " ind2=" " tag="310"><subfield code="a">Weekly</subfield></datafield><datafield ind1="1" ind2=" " tag="362"><subfield code="a">Began in 1902.</subfield></datafield><datafield ind1=" " ind2=" " tag="588"><subfield code="a">Description based on: Vol. 3, no. 22 (June 23, 1904).</subfield></datafield><datafield ind1=" " ind2="0" tag="651"><subfield code="a">Fort Supply (Okla.)</subfield><subfield code="v">Newspapers.</subfield></datafield><datafield ind1=" " ind2="0" tag="651"><subfield code="a">Woodward County (Okla.)</subfield><subfield code="v">Newspapers.</subfield></datafield><datafield ind1=" " ind2="7" tag="655"><subfield code="a">Newspapers.</subfield><subfield code="2">fast</subfield><subfield code="0">(OCoLC)fst01423814</subfield></datafield><datafield ind1=" " ind2="7" tag="651"><subfield code="a">Oklahoma</subfield><subfield code="z">Fort Supply.</subfield><subfield code="2">fast</subfield><subfield code="0">(OCoLC)fst01282047</subfield></datafield><datafield ind1=" " ind2="7" tag="651"><subfield code="a">Oklahoma</subfield><subfield code="z">Woodward County.</subfield><subfield code="2">fast</subfield><subfield code="0">(OCoLC)fst01218293</subfield></datafield><datafield ind1=" " ind2=" " tag="752"><subfield code="a">United States</subfield><subfield code="b">Oklahoma</subfield><subfield code="c">Woodward</subfield><subfield code="d">Supply.</subfield></datafield><datafield ind1="0" ind2="0" tag="785"><subfield code="t">Supply republican</subfield><subfield code="w">(DLC)sn 96093238</subfield><subfield code="w">(OCoLC)36009689</subfield></datafield></record>